@book{Chung97,
  added-at = {2009-02-05T15:34:40.000+0100},
  author = {Chung, F. R. K.},
  biburl = {https://www.bibsonomy.org/bibtex/295ef10b5a69a03d8507240b6cf410f8a/folke},
  description = {This monograph is an intertwined tale of eigenvalues and their use in unlocking a thousand secrets about graphs. The stories will be told --- how the spectrum reveals fundamental properties of a graph, how spectral graph theory links the discrete universe to the continuous one through geometric, analytic and algebraic techniques, and how, through eigenvalues, theory and applications in communications and computer science come together in symbiotic harmony....},
  interhash = {0f0fd754924d4dd54bc185bd1c71d00b},
  intrahash = {95ef10b5a69a03d8507240b6cf410f8a},
  keywords = {graph spectral theory},
  publisher = {American Mathematical Society},
  timestamp = {2009-02-05T15:34:40.000+0100},
  title = {Spectral Graph Theory},
  year = 1997
}


@article{HKC20,
    author = {Häkkinen, Antti and Koiranen, Juha and Casado, Julia and Kaipio, Katja and Lehtonen, Oskari and Petrucci, Eleonora and Hynninen, Johanna and Hietanen, Sakari and Carpén, Olli and Pasquini, Luca and Biffoni, Mauro and Lehtonen, Rainer and Hautaniemi, Sampsa},
    title = "{qSNE: quadratic rate t-SNE optimizer with automatic parameter tuning for large datasets}",
    journal = {Bioinformatics},
    volume = {36},
    number = {20},
    pages = {5086-5092},
    year = {2020},
    month = {07},
    issn = {1367-4803},
    doi = {10.1093/bioinformatics/btaa637},
    url = {https://doi.org/10.1093/bioinformatics/btaa637},
    eprint = {https://academic.oup.com/bioinformatics/article-pdf/36/20/5086/35065274/btaa637.pdf},
}

@article{AGT14,
author = {Genevera I. Allen and Logan Grosenick and Jonathan Taylor},
title = {A Generalized Least-Square Matrix Decomposition},
journal = {Journal of the American Statistical Association},
volume = {109},
number = {505},
pages = {145-159},
year  = {2014}
}



@article{kumar2020unified,
  title={A unified framework for structured graph learning via spectral constraints},
  author={Kumar, Sandeep and Ying, Jiaxi and Cardoso, Jos{\'e} Vin{\'\i}cius de M and Palomar, Daniel P},
  journal={Journal of Machine Learning Research},
  volume={21},
  number={22},
  pages={1--60},
  year={2020}
}

@article{zhang2019matrix,
  title={Matrix Normal PCA for Interpretable Dimension Reduction and Graphical Noise Modeling},
  author={Zhang, Chihao and Gai, Kuo and Zhang, Shihua},
  journal={arXiv preprint arXiv:1911.10796},
  year={2019}
}

@article{tipping1999probabilistic,
  title={Probabilistic principal component analysis},
  author={Tipping, Michael E and Bishop, Christopher M},
  journal={Journal of the Royal Statistical Society: Series B (Statistical Methodology)},
  volume={61},
  number={3},
  pages={611--622},
  year={1999},
  publisher={Wiley Online Library}
}

@ARTICLE{Rached2004, 
author={Z. {Rached} and F. {Alajaji} and L. L. {Campbell}}, 
journal={IEEE Transactions on Information Theory}, 
title={The Kullback-Leibler divergence rate between Markov sources}, 
year={2004}, 
volume={50}, 
number={5}, 
pages={917-921}, 
keywords={Markov processes;convergence of numerical methods;matrix algebra;entropy;Kullback-Leibler divergence rate;time-invariant finite-alphabet Markov sources;convergence rate;arbitrary initial distributions;nonnegative matrices theory;Perron-Frobenius theory;Shannon entropy rate;decision theory;pattern recognition;Probability distribution;Mathematics;Entropy;Pattern recognition;Statistics;Distributed computing;Convergence of numerical methods;Decision theory;Councils;Statistical distributions}, 
doi={10.1109/TIT.2004.826687}, 
ISSN={1557-9654}, 
month={May},}


@inbook{Gomez2015,
author = {Gómez-Corral, A. and Insua, D. Ríos and Ruggeri, F. and Wiper, M.},
publisher = {American Cancer Society},
isbn = {9781118445112},
title = {Bayesian Inference of Markov Processes},
booktitle = {Wiley StatsRef: Statistics Reference Online},
chapter = {},
pages = {1-15},
year = {2015},
}
@article{COIFMAN20065,
title = "Diffusion maps",
journal = "Applied and Computational Harmonic Analysis",
volume = "21",
number = "1",
pages = "5 - 30",
year = "2006"
}


@article{arias2018estimation,
  title={On the estimation of latent distances using graph distances},
  author={Arias-Castro, Ery and Channarond, Antoine and Pelletier, Bruno and Verzelen, Nicolas},
  journal={arXiv preprint arXiv:1804.10611},
  year={2018}
}

@article{hoff2002latent,
  title={Latent space approaches to social network analysis},
  author={Hoff, Peter D and Raftery, Adrian E and Handcock, Mark S},
  journal={Journal of the american Statistical association},
  volume={97},
  number={460},
  pages={1090--1098},
  year={2002},
  publisher={Taylor \& Francis}
}

@incollection{NIPS2008PMF,
title = {Probabilistic Matrix Factorization},
author = {Mnih, Andriy and Salakhutdinov, Russ R},
booktitle = {Advances in Neural Information Processing Systems 20},
editor = {J. C. Platt and D. Koller and Y. Singer and S. T. Roweis},
pages = {1257--1264},
year = {2008},
publisher = {Curran Associates, Inc.},
url = {http://papers.nips.cc/paper/3208-probabilistic-matrix-factorization.pdf}
}

@inproceedings{Soh16VBMDS-GP,
  author    = {Harold Soh},
  editor    = {Subbarao Kambhampati},
  title     = {Distance-Preserving Probabilistic Embeddings with Side Information:
               Variational Bayesian Multidimensional Scaling Gaussian Process},
  booktitle = {Proceedings of the Twenty-Fifth International Joint Conference on
               Artificial Intelligence, {IJCAI} 2016, New York, NY, USA, 9-15 July
               2016},
  pages     = {2011--2017},
  publisher = {{IJCAI/AAAI} Press},
  year      = {2016},
  url       = {http://www.ijcai.org/Abstract/16/287},
  timestamp = {Tue, 20 Aug 2019 16:19:00 +0200},
  biburl    = {https://dblp.org/rec/conf/ijcai/Soh16.bib},
  bibsource = {dblp computer science bibliography, https://dblp.org}
}

@incollection{NIPS2002SNE,
title = {Stochastic Neighbor Embedding},
author = {Hinton, Geoffrey E and Sam T. Roweis},
booktitle = {Advances in Neural Information Processing Systems 15},
editor = {S. Becker and S. Thrun and K. Obermayer},
pages = {857--864},
year = {2003},
publisher = {MIT Press},
url = {http://papers.nips.cc/paper/2276-stochastic-neighbor-embedding.pdf}
}

@article{maaten2008tSNE,
title = "Visualizing High-Dimensional Data Using t-SNE",
author = "{van der Maaten}, L.J.P. and G.E. Hinton",
note = "Pagination: 27",
year = "2008",
language = "English",
volume = "9",
pages = "2579--2605",
journal = "Journal of Machine Learning Research",
issn = "1532-4435",
publisher = "Microtome Publishing",
number = "nov",
}

@article{linderman2019fast,
  title={Fast interpolation-based t-SNE for improved visualization of single-cell RNA-seq data},
  author={Linderman, George C and Rachh, Manas and Hoskins, Jeremy G and Steinerberger, Stefan and Kluger, Yuval},
  journal={Nature methods},
  volume={16},
  number={3},
  pages={243--245},
  year={2019},
  publisher={Nature Publishing Group}
}

@article{van2014accelerating,
  title={Accelerating t-SNE using tree-based algorithms},
  author={Van Der Maaten, Laurens},
  journal={The Journal of Machine Learning Research},
  volume={15},
  number={1},
  pages={3221--3245},
  year={2014},
  publisher={JMLR. org}
}

@article{zhu2019improving,
  title={Improving Stochastic Neighbour Embedding fundamentally with a well-defined data-dependent kernel},
  author={Zhu, Ye and Ting, Kai Ming},
  journal={arXiv preprint arXiv:1906.09744},
  year={2019}
}

@article{linderman2019clustering,
  title={Clustering with t-SNE, provably},
  author={Linderman, George C and Steinerberger, Stefan},
  journal={SIAM Journal on Mathematics of Data Science},
  volume={1},
  number={2},
  pages={313--332},
  year={2019},
  publisher={SIAM}
}

@article{lee2015multi,
  title={Multi-scale similarities in stochastic neighbour embedding: Reducing dimensionality while preserving both local and global structure},
  author={Lee, John A and Peluffo-Ord{\'o}{\~n}ez, Diego H and Verleysen, Michel},
  journal={Neurocomputing},
  volume={169},
  pages={246--261},
  year={2015},
  publisher={Elsevier}
}

@article{cai2021theoretical,
  title={Theoretical Foundations of t-SNE for Visualizing High-Dimensional Clustered Data},
  author={Cai, T Tony and Ma, Rong},
  journal={arXiv preprint arXiv:2105.07536},
  year={2021}
}

@article{trillos2020error,
  title={Error estimates for spectral convergence of the graph Laplacian on random geometric graphs toward the Laplace--Beltrami operator},
  author={Trillos, Nicol{\'a}s Garc{\'\i}a and Gerlach, Moritz and Hein, Matthias and Slep{\v{c}}ev, Dejan},
  journal={Foundations of Computational Mathematics},
  volume={20},
  number={4},
  pages={827--887},
  year={2020},
  publisher={Springer}
}

@article{dutilleul1999mle,
  title={The MLE algorithm for the matrix normal distribution},
  author={Dutilleul, Pierre},
  journal={Journal of statistical computation and simulation},
  volume={64},
  number={2},
  pages={105--123},
  year={1999},
  publisher={Taylor \& Francis}
}

@book{rue2005gaussian,
  title={Gaussian Markov random fields: theory and applications},
  author={Rue, Havard and Held, Leonhard},
  year={2005},
  publisher={CRC press}
}

@article{belkin2003laplacian,
  title={Laplacian eigenmaps for dimensionality reduction and data representation},
  author={Belkin, Mikhail and Niyogi, Partha},
  journal={Neural computation},
  volume={15},
  number={6},
  pages={1373--1396},
  year={2003},
  publisher={MIT Press}
}

@article{wold1987principal,
  title={Principal component analysis},
  author={Wold, Svante and Esbensen, Kim and Geladi, Paul},
  journal={Chemometrics and intelligent laboratory systems},
  volume={2},
  number={1-3},
  pages={37--52},
  year={1987},
  publisher={Elsevier}
}

@book{kruskal1978multidimensional,
  title={Multidimensional scaling},
  author={Kruskal, Joseph B},
  number={11},
  year={1978},
  publisher={Sage}
}

@article{roweis2000nonlinear,
  title={Nonlinear dimensionality reduction by locally linear embedding},
  author={Roweis, Sam T and Saul, Lawrence K},
  journal={science},
  volume={290},
  number={5500},
  pages={2323--2326},
  year={2000},
  publisher={American Association for the Advancement of Science}
}

@article{balasubramanian2002isomap,
  title={The isomap algorithm and topological stability},
  author={Balasubramanian, Mukund and Schwartz, Eric L and Tenenbaum, Joshua B and de Silva, Vin and Langford, John C},
  journal={Science},
  volume={295},
  number={5552},
  pages={7--7},
  year={2002},
  publisher={Citeseer}
}

@inproceedings{ham2004kernel,
  title={A kernel view of the dimensionality reduction of manifolds},
  author={Ham, Jihun and Lee, Daniel D and Mika, Sebastian and Sch{\"o}lkopf, Bernhard},
  booktitle={Proceedings of the twenty-first international conference on Machine learning},
  pages={47},
  year={2004}
}

@article{coifman2006diffusion,
  title={Diffusion maps},
  author={Coifman, Ronald R and Lafon, St{\'e}phane},
  journal={Applied and computational harmonic analysis},
  volume={21},
  number={1},
  pages={5--30},
  year={2006},
  publisher={Elsevier}
}

@article{donoho2003hessian,
  title={Hessian eigenmaps: Locally linear embedding techniques for high-dimensional data},
  author={Donoho, David L and Grimes, Carrie},
  journal={Proceedings of the National Academy of Sciences},
  volume={100},
  number={10},
  pages={5591--5596},
  year={2003},
  publisher={National Acad Sciences}
}

@article{zhang2004principal,
  title={Principal manifolds and nonlinear dimensionality reduction via tangent space alignment},
  author={Zhang, Zhenyue and Zha, Hongyuan},
  journal={SIAM journal on scientific computing},
  volume={26},
  number={1},
  pages={313--338},
  year={2004},
  publisher={SIAM}
}

@inproceedings{hinton2002stochastic,
  title={Stochastic neighbor embedding},
  author={Hinton, Geoffrey and Roweis, Sam T},
  booktitle={NIPS},
  volume={15},
  pages={833--840},
  year={2002},
  organization={Citeseer}
}

@article{mcinnes2018umap,
  title={Umap: Uniform manifold approximation and projection for dimension reduction},
  author={McInnes, Leland and Healy, John and Melville, James},
  journal={arXiv preprint arXiv:1802.03426},
  year={2018}
}

@article{venna2010information,
  title={Information retrieval perspective to nonlinear dimensionality reduction for data visualization.},
  author={Venna, Jarkko and Peltonen, Jaakko and Nybo, Kristian and Aidos, Helena and Kaski, Samuel},
  journal={Journal of Machine Learning Research},
  volume={11},
  number={2},
  year={2010}
}

@article{lee2009quality,
  title={Quality assessment of dimensionality reduction: Rank-based criteria},
  author={Lee, John A and Verleysen, Michel},
  journal={Neurocomputing},
  volume={72},
  number={7-9},
  pages={1431--1443},
  year={2009},
  publisher={Elsevier}
}

@article{kobak2021initialization,
  title={Initialization is critical for preserving global data structure in both t-SNE and UMAP},
  author={Kobak, Dmitry and Linderman, George C},
  journal={Nature biotechnology},
  volume={39},
  number={2},
  pages={156--157},
  year={2021},
  publisher={Nature Publishing Group}
}


@article{van2013barnes,
  title={Barnes-hut-sne},
  author={Van Der Maaten, Laurens},
  journal={arXiv preprint arXiv:1301.3342},
  year={2013}
}

@article{donoho2000high,
  title={High-dimensional data analysis: The curses and blessings of dimensionality},
  author={Donoho, David L},
  journal={AMS math challenges lecture},
  volume={1},
  number={2000},
  pages={32},
  year={2000},
  publisher={Citeseer}
}

@article{li2017application,
  title={Application of t-SNE to human genetic data},
  author={Li, Wentian and Cerise, Jane E and Yang, Yaning and Han, Henry},
  journal={Journal of bioinformatics and computational biology},
  volume={15},
  number={04},
  pages={1750017},
  year={2017},
  publisher={World Scientific}
}

@article{kobak2019art,
  title={The art of using t-SNE for single-cell transcriptomics},
  author={Kobak, Dmitry and Berens, Philipp},
  journal={Nature communications},
  volume={10},
  number={1},
  pages={1--14},
  year={2019},
  publisher={Nature Publishing Group}
}

@article{anders2018dissecting,
  title={Dissecting stellar chemical abundance space with t-SNE},
  author={Anders, Friedrich and Chiappini, Cristina and Santiago, Basilio Xavier and Matijevi{\v{c}}, Gal and Queiroz, Anna B and Steinmetz, Matthias and Guiglion, Guillaume},
  journal={Astronomy \& Astrophysics},
  volume={619},
  pages={A125},
  year={2018},
  publisher={EDP Sciences}
}


@article{pezzotti2019gpgpu,
  title={GPGPU linear complexity t-SNE optimization},
  author={Pezzotti, Nicola and Thijssen, Julian and Mordvintsev, Alexander and H{\"o}llt, Thomas and Van Lew, Baldur and Lelieveldt, Boudewijn PF and Eisemann, Elmar and Vilanova, Anna},
  journal={IEEE transactions on visualization and computer graphics},
  volume={26},
  number={1},
  pages={1172--1181},
  year={2019},
  publisher={IEEE}
}

@inproceedings{chan2018t,
  title={t-SNE-CUDA: GPU-Accelerated t-SNE and its Applications to Modern Data},
  author={Chan, David M and Rao, Roshan and Huang, Forrest and Canny, John F},
  booktitle={2018 30th International Symposium on Computer Architecture and High Performance Computing (SBAC-PAD)},
  pages={330--338},
  year={2018},
  organization={IEEE}
}

@inproceedings{vladymyrov2013entropic,
  title={Entropic affinities: Properties and efficient numerical computation},
  author={Vladymyrov, Max and Carreira-Perpinan, Miguel},
  booktitle={International conference on machine learning},
  pages={477--485},
  year={2013},
  organization={PMLR}
}

@inproceedings{venna2007nonlinear,
  title={Nonlinear dimensionality reduction as information retrieval},
  author={Venna, Jarkko and Kaski, Samuel},
  booktitle={Artificial intelligence and statistics},
  pages={572--579},
  year={2007},
  organization={PMLR}
}

@article{lee2013type,
  title={Type 1 and 2 mixtures of Kullback--Leibler divergences as cost functions in dimensionality reduction based on similarity preservation},
  author={Lee, John A and Renard, Emilie and Bernard, Guillaume and Dupont, Pierre and Verleysen, Michel},
  journal={Neurocomputing},
  volume={112},
  pages={92--108},
  year={2013},
  publisher={Elsevier}
}

@article{lee2011shift,
  title={Shift-invariant similarities circumvent distance concentration in stochastic neighbor embedding and variants},
  author={Lee, John A and Verleysen, Michel},
  journal={Procedia Computer Science},
  volume={4},
  pages={538--547},
  year={2011},
  publisher={Elsevier}
}

@article{becht2019dimensionality,
  title={Dimensionality reduction for visualizing single-cell data using UMAP},
  author={Becht, Etienne and McInnes, Leland and Healy, John and Dutertre, Charles-Antoine and Kwok, Immanuel WH and Ng, Lai Guan and Ginhoux, Florent and Newell, Evan W},
  journal={Nature biotechnology},
  volume={37},
  number={1},
  pages={38--44},
  year={2019},
  publisher={Nature Publishing Group}
}

@inproceedings{yang2004k,
  title={K-edge connected neighborhood graph for geodesic distance estimation and nonlinear data projection},
  author={Yang, Li},
  booktitle={Proceedings of the 17th International Conference on Pattern Recognition, 2004. ICPR 2004.},
  volume={1},
  pages={196--199},
  year={2004},
  organization={IEEE}
}

@article{ando2007learning,
  title={Learning on graph with Laplacian regularization},
  author={Ando, Rie Kubota and Zhang, Tong},
  journal={Advances in neural information processing systems},
  volume={19},
  pages={25},
  year={2007},
  publisher={MIT; 1998}
}

@article{covo2014novel,
  title={A novel single-gamma approximation to the sum of independent gamma variables, and a generalization to infinitely divisible distributions},
  author={Covo, Shai and Elalouf, Amir},
  journal={Electronic Journal of Statistics},
  volume={8},
  number={1},
  pages={894--926},
  year={2014},
  publisher={Institute of Mathematical Statistics and Bernoulli Society}
}

@inproceedings{tang2016visualizing,
  title={Visualizing large-scale and high-dimensional data},
  author={Tang, Jian and Liu, Jingzhou and Zhang, Ming and Mei, Qiaozhu},
  booktitle={Proceedings of the 25th international conference on world wide web},
  pages={287--297},
  year={2016}
}

@inproceedings{kobak2019heavy,
  title={Heavy-tailed kernels reveal a finer cluster structure in t-SNE visualisations},
  author={Kobak, Dmitry and Linderman, George and Steinerberger, Stefan and Kluger, Yuval and Berens, Philipp},
  booktitle={Joint European Conference on Machine Learning and Knowledge Discovery in Databases},
  pages={124--139},
  year={2019},
  organization={Springer}
}

@article{clifford1990markov,
  title={Markov random fields in statistics},
  author={Clifford, Peter},
  journal={Disorder in physical systems: A volume in honour of John M. Hammersley},
  pages={19--32},
  year={1990}
}

@article{cao2008covariance,
  title={Covariance estimation for high dimensional data vectors using the sparse matrix transform},
  author={Cao, Guangzhi and Bouman, Charles A},
  year={2008}
}

@inproceedings{yamada2003cross,
  title={Cross-entropy directed embedding of network data},
  author={Yamada, Takeshi and Saito, Kazumi and Ueda, Naonori},
  booktitle={Proceedings of the 20th International Conference on Machine Learning (ICML-03)},
  pages={832--839},
  year={2003}
}

@article{li2020high,
  title={High-dimensional Gaussian graphical models on network-linked data.},
  author={Li, Tianxi and Qian, Cheng and Levina, Elizaveta and Zhu, Ji},
  journal={J. Mach. Learn. Res.},
  volume={21},
  pages={74--1},
  year={2020}
}

@article{pearson1901liii,
  title={LIII. On lines and planes of closest fit to systems of points in space},
  author={Pearson, Karl},
  journal={The London, Edinburgh, and Dublin philosophical magazine and journal of science},
  volume={2},
  number={11},
  pages={559--572},
  year={1901},
  publisher={Taylor \& Francis}
}

@inproceedings{carreira2010elastic,
  title={The Elastic Embedding Algorithm for Dimensionality Reduction.},
  author={Carreira-Perpin{\'a}n, Miguel A},
  booktitle={ICML},
  volume={10},
  pages={167--174},
  year={2010},
  organization={Citeseer}
}

@article{anowar2021conceptual,
  title={Conceptual and empirical comparison of dimensionality reduction algorithms ({PCA, KPCA, LDA, MDS, SVD, LLE, ISOMAP, LE, ICA, t-SNE)}},
  author={Anowar, Farzana and Sadaoui, Samira and Selim, Bassant},
  journal={Computer Science Review},
  volume={40},
  pages={100378},
  year={2021},
  publisher={Elsevier}
}

@article{wattenberg2016use,
  title={How to use t-SNE effectively},
  author={Wattenberg, Martin and Vi{\'e}gas, Fernanda and Johnson, Ian},
  journal={Distill},
  volume={1},
  number={10},
  pages={e2},
  year={2016}
}

@article{coenen2019understanding,
  title={Understanding umap},
  author={Coenen, Andy and Pearce, Adam},
  journal={Google PAIR},
  year={2019}
}

@inproceedings{arora2018analysis,
  title={An analysis of the t-sne algorithm for data visualization},
  author={Arora, Sanjeev and Hu, Wei and Kothari, Pravesh K},
  booktitle={Conference On Learning Theory},
  pages={1455--1462},
  year={2018},
  organization={PMLR}
}

@article{polivcar2019opentsne,
  title={openTSNE: a modular Python library for t-SNE dimensionality reduction and embedding},
  author={Poli{\v{c}}ar, Pavlin G and Stra{\v{z}}ar, Martin and Zupan, Bla{\v{z}}},
  journal={BioRxiv},
  pages={731877},
  year={2019},
  publisher={Cold Spring Harbor Laboratory}
}

@article{deng2012mnist,
  title={The mnist database of handwritten digit images for machine learning research},
  author={Deng, Li},
  journal={IEEE Signal Processing Magazine},
  volume={29},
  number={6},
  pages={141--142},
  year={2012},
  publisher={IEEE}
}

@article{bohm2020unifying,
  title={A unifying perspective on neighbor embeddings along the attraction-repulsion spectrum},
  author={B{\"o}hm, Jan Niklas and Berens, Philipp and Kobak, Dmitry},
  journal={arXiv preprint arXiv:2007.08902},
  year={2020}
}

@article{wang2021understanding,
  title={Understanding how dimension reduction tools work: an empirical approach to deciphering t-SNE, UMAP, TriMAP, and PaCMAP for data visualization},
  author={Wang, Yingfan and Huang, Haiyang and Rudin, Cynthia and Shaposhnik, Yaron},
  journal={J Mach. Learn. Res},
  volume={22},
  pages={1--73},
  year={2021}
}

@article{amir2013visne,
  title={viSNE enables visualization of high dimensional single-cell data and reveals phenotypic heterogeneity of leukemia},
  author={Amir, El-ad David and Davis, Kara L and Tadmor, Michelle D and Simonds, Erin F and Levine, Jacob H and Bendall, Sean C and Shenfeld, Daniel K and Krishnaswamy, Smita and Nolan, Garry P and Pe'er, Dana},
  journal={Nature biotechnology},
  volume={31},
  number={6},
  pages={545--552},
  year={2013},
  publisher={Nature Publishing Group}
}

@book{wainwright2008graphical,
  title={Graphical models, exponential families, and variational inference},
  author={Wainwright, Martin J and Jordan, Michael Irwin},
  year={2008},
  publisher={Now Publishers Inc}
}

@article{hein2007graph,
  title={Graph laplacians and their convergence on random neighborhood graphs.},
  author={Hein, Matthias and Audibert, Jean-Yves and Luxburg, Ulrike von},
  journal={Journal of Machine Learning Research},
  volume={8},
  number={6},
  year={2007}
}

@article{csardi2006igraph,
  title={The igraph software package for complex network research},
  author={Csardi, Gabor and Nepusz, Tamas and others},
  journal={InterJournal, complex systems},
  volume={1695},
  number={5},
  pages={1--9},
  year={2006}
}

@article{pedregosa2011scikit,
  title={Scikit-learn: Machine learning in Python},
  author={Pedregosa, Fabian and Varoquaux, Ga{\"e}l and Gramfort, Alexandre and Michel, Vincent and Thirion, Bertrand and Grisel, Olivier and Blondel, Mathieu and Prettenhofer, Peter and Weiss, Ron and Dubourg, Vincent and others},
  journal={the Journal of machine Learning research},
  volume={12},
  pages={2825--2830},
  year={2011},
  publisher={JMLR. org}
}

@article{krizhevsky2009cifar,
  title={Cifar-10 and cifar-100 datasets},
  author={Krizhevsky, Alex and Nair, Vinod and Hinton, Geoffrey},
  journal={URl: https://www. cs. toronto. edu/kriz/cifar. html},
  volume={6},
  number={1},
  pages={1},
  year={2009}
}

@article{xiao2017fashion,
  title={Fashion-mnist: a novel image dataset for benchmarking machine learning algorithms},
  author={Xiao, Han and Rasul, Kashif and Vollgraf, Roland},
  journal={arXiv preprint arXiv:1708.07747},
  year={2017}
}

@article{kurd2020early,
  title={Early precursors and molecular determinants of tissue-resident memory CD8+ T lymphocytes revealed by single-cell RNA sequencing},
  author={Kurd, Nadia S and He, Zhaoren and Louis, Tiani L and Milner, J Justin and Omilusik, Kyla D and Jin, Wenhao and Tsai, Matthew S and Widjaja, Christella E and Kanbar, Jad N and Olvera, Jocelyn G and others},
  journal={Science immunology},
  volume={5},
  number={47},
  pages={eaaz6894},
  year={2020},
  publisher={American Association for the Advancement of Science}
}


@article{bertsekas1997nonlinear,
  title={Nonlinear programming},
  author={Bertsekas, Dimitri P},
  journal={Journal of the Operational Research Society},
  volume={48},
  number={3},
  pages={334--334},
  year={1997},
  publisher={Taylor \& Francis}
}


@article{Knight,
  author = {Knight, Philip A.},
  title = {The Sinkhorn–Knopp Algorithm: Convergence and Applications},
  journal = {SIAM Journal on Matrix Analysis and Applications},
  volume = {30},
  number = {1},
  pages = {261-275},
  year = {2008},
}

@article{flamary2016optimal,
  title={Optimal spectral transportation with application to music transcription},
  author={Flamary, R{\'e}mi and F{\'e}votte, C{\'e}dric and Courty, Nicolas and Emiya, Valentin},
  journal={Neural Information Processing Systems (NeurIPS)},
  volume={29},
  year={2016}
}

@inproceedings{rabin2014adaptive,
  title={Adaptive color transfer with relaxed optimal transport},
  author={Rabin, Julien and Ferradans, Sira and Papadakis, Nicolas},
  booktitle={2014 IEEE international conference on image processing (ICIP)},
  pages={4852--4856},
  year={2014},
  organization={IEEE}
}

@article{benamou2015iterative,
  title={Iterative Bregman projections for regularized transportation problems},
  author={Benamou, Jean-David and Carlier, Guillaume and Cuturi, Marco and Nenna, Luca and Peyr{\'e}, Gabriel},
  journal={SIAM Journal on Scientific Computing},
  volume={37},
  number={2},
  pages={A1111--A1138},
  year={2015},
  publisher={SIAM}
}

@article{sinkhorn1964relationship,
  title={A relationship between arbitrary positive matrices and doubly stochastic matrices},
  author={Sinkhorn, Richard},
  journal={The annals of mathematical statistics},
  volume={35},
  number={2},
  pages={876--879},
  year={1964},
  publisher={JSTOR}
}

@article{idel2016review,
  title={A review of matrix scaling and Sinkhorn's normal form for matrices and positive maps},
  author={Idel, Martin},
  journal={arXiv preprint arXiv:1609.06349},
  year={2016}
}


@InProceedings{zhai2023sigmareparam,
  title={\${\textbackslash}sigma\$Reparam: Stable Transformer Training with Spectral Reparametrization},
  author={Shuangfei Zhai and Tatiana Likhomanenko and Etai Littwin and Jason Ramapuram and Dan Busbridge and Yizhe Zhang and Jiatao Gu and Joshua M. Susskind},
  journal={International Conference on Learning Representations (ICLR)},
  year={2023},
}

@article{krizhevsky2009learning,
  title={Learning multiple layers of features from tiny images},
  author={Krizhevsky, Alex and Hinton, Geoffrey and others},
  year={2009},
  publisher={Toronto, ON, Canada}
}

@article{fischer2023preserving,
  title={Preserving local densities in low-dimensional embeddings},
  author={Fischer, Jonas and Burkholz, Rebekka and Vreeken, Jilles},
  journal={arXiv preprint arXiv:2301.13732},
  year={2023}
}

@INPROCEEDINGS{WangFei,
  author={Wang, Fei and Li, Ping and Konig, Arnd Christian},
  booktitle={2010 IEEE International Conference on Data Mining}, 
  title={Learning a Bi-Stochastic Data Similarity Matrix}, 
  year={2010},
  volume={},
  number={},
  pages={551-560},
  doi={10.1109/ICDM.2010.141}
  }


@article{Milanfar,
author = {Milanfar, Peyman},
title = {Symmetrizing Smoothing Filters},
journal = {SIAM Journal on Imaging Sciences},
volume = {6},
number = {1},
pages = {263-284},
year = {2013},
doi = {10.1137/120875843}
}

@article{JMLR:v23:21-0524,
  author  = {T. Tony Cai and Rong Ma},
  title   = {Theoretical Foundations of t-SNE for Visualizing High-Dimensional Clustered Data},
  journal = {Journal of Machine Learning Research (JMLR)},
  year    = {2022},
  volume  = {23},
  number  = {301},
  pages   = {1--54},
  url     = {http://jmlr.org/papers/v23/21-0524.html}
}


@InProceedings{Ding_understand,
  title =    {Understanding Doubly Stochastic Clustering},
  author =       {Ding, Tianjiao and Lim, Derek and Vidal, Rene and Haeffele, Benjamin D},
  booktitle =    {International Conference on Machine Learning (ICML)},
  year =   {2022},
}

@inproceedings{Zass,
 author = {Zass, Ron and Shashua, Amnon},
 booktitle = {Neural Information Processing Systems (NeurIPS)},
 editor = {B. Sch\"{o}lkopf and J. Platt and T. Hoffman},
 publisher = {MIT Press},
 title = {Doubly Stochastic Normalization for Spectral Clustering},
 year = {2006}
}


@book{boyd2004convex,
  title={Convex optimization},
  author={Boyd, Stephen and Boyd, Stephen P and Vandenberghe, Lieven},
  year={2004},
  publisher={Cambridge university press}
}

@article{van2008visualizing,
  title={Visualizing data using t-SNE.},
  author={Van der Maaten, Laurens and Hinton, Geoffrey},
  journal={Journal of Machine Learning Research (JMLR)},
  volume={9},
  number={11},
  year={2008}
}

@article{cuturi2013sinkhorn,
  title={Sinkhorn distances: Lightspeed computation of optimal transport},
  author={Cuturi, Marco},
  journal={Neural Information Processing Systems (NeurIPS)},
  volume={26},
  year={2013}
}

@article{leonard2013survey,
  title={A survey of the Schrödinger problem and some of its connections with optimal transport},
  author={L{\'e}onard, Christian},
  journal={arXiv preprint arXiv:1308.0215},
  year={2013}
}

@article{lu2019doubly,
  title={Doubly stochastic neighbor embedding on spheres},
  author={Lu, Yao and Corander, Jukka and Yang, Zhirong},
  journal={Pattern Recognition Letters},
  volume={128},
  pages={100--106},
  year={2019},
  publisher={Elsevier}
}

@article{landa2021doubly,
  title={Doubly stochastic normalization of the gaussian kernel is robust to heteroskedastic noise},
  author={Landa, Boris and Coifman, Ronald R and Kluger, Yuval},
  journal={SIAM journal on mathematics of data science},
  volume={3},
  number={1},
  pages={388--413},
  year={2021},
  publisher={SIAM}
}

@inproceedings{feydy2019interpolating,
  title={Interpolating between optimal transport and mmd using sinkhorn divergences},
  author={Feydy, Jean and S{\'e}journ{\'e}, Thibault and Vialard, Fran{\c{c}}ois-Xavier and Amari, Shun-ichi and Trouv{\'e}, Alain and Peyr{\'e}, Gabriel},
  booktitle={International Conference on Artificial Intelligence and Statistics (AISTATS)},
  pages={2681--2690},
  year={2019},
  organization={PMLR}
}


@article{van2022probabilistic,
  title={A Probabilistic Graph Coupling View of Dimension Reduction},
  author={Van Assel, Hugues and Espinasse, Thibault and Chiquet, Julien and Picard, Franck},
  journal={Neural Information Processing Systems (NeurIPS)},
  year={2022}
}

@article{peyre2019computational,
  title={Computational optimal transport: With applications to data science},
  author={Peyr{\'e}, Gabriel and Cuturi, Marco and others},
  journal={Foundations and Trends{\textregistered} in Machine Learning},
  volume={11},
  number={5-6},
  pages={355--607},
  year={2019},
  publisher={Now Publishers, Inc.}
}

@article{Feltes2019,
  author = {Feltes, Bruno César and Chandelier, Eduardo Bassani and Grisci, Bruno Iochins and Dorn, Márcio},
  title = {CuMiDa: An Extensively Curated Microarray Database for Benchmarking and Testing of Machine Learning Approaches in Cancer Research},
  journal = {Journal of Computational Biology},
  volume = {26},
  number = {4},
  pages = {376-386},
  year = {2019},
  doi = {10.1089/cmb.2018.0238},
  note = {PMID: 30789283},
  URL = {https://doi.org/10.1089/cmb.2018.0238},
  eprint = {https://doi.org/10.1089/cmb.2018.0238}
}

@article{paszke2017automatic,
  title={Automatic differentiation in pytorch},
  author={Paszke, Adam and Gross, Sam and Chintala, Soumith and Chanan, Gregory and Yang, Edward and DeVito, Zachary and Lin, Zeming and Desmaison, Alban and Antiga, Luca and Lerer, Adam},
  year={2017}
}

@article{kingma2014adam,
  title={Adam: A method for stochastic optimization},
  author={Kingma, Diederik P and Ba, Jimmy},
  journal={arXiv preprint arXiv:1412.6980},
  year={2014}
}

@article{von2007tutorial,
  title={A tutorial on spectral clustering},
  author={Von Luxburg, Ulrike},
  journal={Statistics and computing},
  volume={17},
  number={4},
  pages={395--416},
  year={2007},
  publisher={Springer}
}

@article{zhou2003learning,
  title={Learning with local and global consistency},
  author={Zhou, Dengyong and Bousquet, Olivier and Lal, Thomas and Weston, Jason and Sch{\"o}lkopf, Bernhard},
  journal={Neural Information Processing Systems (NeurIPS)},
  volume={16},
  year={2003}
}

@article{sinkhorn1967concerning,
  title={Concerning nonnegative matrices and doubly stochastic matrices},
  author={Sinkhorn, Richard and Knopp, Paul},
  journal={Pacific Journal of Mathematics},
  volume={21},
  number={2},
  pages={343--348},
  year={1967},
  publisher={Mathematical Sciences Publishers}
}

@article{shi2000normalized,
  title={Normalized cuts and image segmentation},
  author={Shi, Jianbo and Malik, Jitendra},
  journal={IEEE Transactions on pattern analysis and machine intelligence},
  volume={22},
  number={8},
  pages={888--905},
  year={2000},
  publisher={Ieee}
}

@inproceedings{sander2022sinkformers,
  title={Sinkformers: Transformers with doubly stochastic attention},
  author={Sander, Michael E and Ablin, Pierre and Blondel, Mathieu and Peyr{\'e}, Gabriel},
  booktitle={International Conference on Artificial Intelligence and Statistics},
  pages={3515--3530},
  year={2022},
  organization={PMLR}
}

@article{marshall2019manifold,
  title={Manifold learning with bi-stochastic kernels},
  author={Marshall, Nicholas F and Coifman, Ronald R},
  journal={IMA Journal of Applied Mathematics},
  volume={84},
  number={3},
  pages={455--482},
  year={2019},
  publisher={Oxford University Press}
}

@article{lim2020doubly,
  title={Doubly stochastic subspace clustering},
  author={Lim, Derek and Vidal, Ren{\'e} and Haeffele, Benjamin D},
  journal={arXiv preprint arXiv:2011.14859},
  year={2020}
}

@article{dykstra1983algorithm,
  title={An algorithm for restricted least squares regression},
  author={Dykstra, Richard L},
  journal={Journal of the American Statistical Association},
  volume={78},
  number={384},
  pages={837--842},
  year={1983},
  publisher={Taylor \& Francis}
}

@article{censor1998dykstra,
  title={The Dykstra algorithm with Bregman projections},
  author={Censor, Yair and Reich, Simeon},
  journal={Communications in Applied Analysis},
  volume={2},
  number={3},
  pages={407--420},
  year={1998},
  publisher={Atlanta, GA: Dynamic Publishers, 1997-}
}

@article{bauschke2000dykstras,
  title={Dykstras algorithm with bregman projections: A convergence proof},
  author={Bauschke, Heinz H and Lewis, Adrian S},
  journal={Optimization},
  volume={48},
  number={4},
  pages={409--427},
  year={2000},
  publisher={Taylor \& Francis}
}

@article{melit2020unsupervised,
  title={Unsupervised clustering of hyperspectral paper data using t-SNE},
  author={Melit Devassy, Binu and George, Sony and Nussbaum, Peter},
  journal={Journal of Imaging},
  volume={6},
  number={5},
  pages={29},
  year={2020},
  publisher={MDPI}
}

@article{weisstein2000method,
  title={Method of false position},
  author={Weisstein, Eric W},
  journal={https://mathworld. wolfram. com/},
  year={2000},
  publisher={Wolfram Research, Inc.}
}

@article{darroch1972generalized,
  title={Generalized iterative scaling for log-linear models},
  author={Darroch, John N and Ratcliff, Douglas},
  journal={The annals of mathematical statistics},
  pages={1470--1480},
  year={1972},
  publisher={JSTOR}
}

@inproceedings{zass2005unifying,
  title={A unifying approach to hard and probabilistic clustering},
  author={Zass, Ron and Shashua, Amnon},
  booktitle={Tenth IEEE International Conference on Computer Vision (ICCV'05) Volume 1},
  volume={1},
  pages={294--301},
  year={2005},
  organization={IEEE}
}

@article{beauchemin2015affinity,
  title={On affinity matrix normalization for graph cuts and spectral clustering},
  author={Beauchemin, Mario},
  journal={Pattern Recognition Letters},
  volume={68},
  pages={90--96},
  year={2015},
  publisher={Elsevier}
}

@article{van2018recovering,
  title={Recovering gene interactions from single-cell data using data diffusion},
  author={Van Dijk, David and Sharma, Roshan and Nainys, Juozas and Yim, Kristina and Kathail, Pooja and Carr, Ambrose J and Burdziak, Cassandra and Moon, Kevin R and Chaffer, Christine L and Pattabiraman, Diwakar and others},
  journal={Cell},
  volume={174},
  number={3},
  pages={716--729},
  year={2018},
  publisher={Elsevier}
}

@inproceedings{kobak2020heavy,
  title={Heavy-tailed kernels reveal a finer cluster structure in t-SNE visualisations},
  author={Kobak, Dmitry and Linderman, George and Steinerberger, Stefan and Kluger, Yuval and Berens, Philipp},
  booktitle={Joint European Conference on Machine Learning and Knowledge Discovery in Databases},
  pages={124--139},
  year={2020},
  organization={Springer}
}

@article{knight2014symmetry,
  title={A symmetry preserving algorithm for matrix scaling},
  author={Knight, Philip A and Ruiz, Daniel and U{\c{c}}ar, Bora},
  journal={SIAM journal on Matrix Analysis and Applications},
  volume={35},
  number={3},
  pages={931--955},
  year={2014},
  publisher={SIAM}
}

@book{chung1997spectral,
  title={Spectral graph theory},
  author={Chung, Fan RK},
  volume={92},
  year={1997},
  publisher={American Mathematical Soc.}
}

@incollection{absil2009optimization,
  title={Optimization algorithms on matrix manifolds},
  author={Absil, P-A and Mahony, Robert and Sepulchre, Rodolphe},
  booktitle={Optimization Algorithms on Matrix Manifolds},
  year={2009},
  publisher={Princeton University Press}
}

@article{fan1949theorem,
  title={On a theorem of Weyl concerning eigenvalues of linear transformations I},
  author={Fan, Ky},
  journal={Proceedings of the National Academy of Sciences},
  volume={35},
  number={11},
  pages={652--655},
  year={1949},
  publisher={National Acad Sciences}
}

@article {SCOT2020,  
	author = {Demetci, Pinar and Santorella, Rebecca and Sandstede, Bj{\"o}rn and Noble, William Stafford and Singh, Ritambhara},  
	title = {Gromov-Wasserstein optimal transport to align single-cell multi-omics data},  
	elocation-id = {2020.04.28.066787},  
	year = {2020},  
	doi = {10.1101/2020.04.28.066787},  
	publisher = {Cold Spring Harbor Laboratory},  
	URL = {https://www.biorxiv.org/content/early/2020/11/11/2020.04.28.066787},  
	eprint = {https://www.biorxiv.org/content/early/2020/11/11/2020.04.28.066787.full.pdf},  
	journal = {bioRxiv}
}

@article{nene1996columbia,
  title={Columbia object image library (coil-20)},
  author={Nene, Sameer A and Nayar, Shree K and Murase, Hiroshi and others},
  year={1996},
  publisher={Citeseer}
}

@article{scikit-learn,
 title={Scikit-learn: Machine Learning in {P}ython},
 author={Pedregosa, F. and Varoquaux, G. and Gramfort, A. and Michel, V.
         and Thirion, B. and Grisel, O. and Blondel, M. and Prettenhofer, P.
         and Weiss, R. and Dubourg, V. and Vanderplas, J. and Passos, A. and
         Cournapeau, D. and Brucher, M. and Perrot, M. and Duchesnay, E.},
 journal={Journal of Machine Learning Research},
 volume={12},
 pages={2825--2830},
 year={2011}
}

@article{zelnik2004self,
  title={Self-tuning spectral clustering},
  author={Zelnik-Manor, Lihi and Perona, Pietro},
  journal={Advances in neural information processing systems},
  volume={17},
  year={2004}
}

@article{graham1998characterising,
  title={Characterising virtual eigensignatures for general purpose face recognition},
  author={Graham, Daniel B and Allinson, Nigel M},
  journal={Face recognition: from theory to applications},
  pages={446--456},
  year={1998},
  publisher={Springer}
}

@article{liu1989limited,
  title={On the limited memory BFGS method for large scale optimization},
  author={Liu, Dong C and Nocedal, Jorge},
  journal={Mathematical programming},
  volume={45},
  number={1-3},
  pages={503--528},
  year={1989},
  publisher={Springer}
}

@article{rousseeuw1987silhouettes,
  title={Silhouettes: a graphical aid to the interpretation and validation of cluster analysis},
  author={Rousseeuw, Peter J},
  journal={Journal of computational and applied mathematics},
  volume={20},
  pages={53--65},
  year={1987},
  publisher={Elsevier}
}

@inproceedings{venna2001neighborhood,
  title={Neighborhood preservation in nonlinear projection methods: An experimental study},
  author={Venna, Jarkko and Kaski, Samuel},
  booktitle={Artificial Neural Networks—ICANN 2001: International Conference Vienna, Austria, August 21--25, 2001 Proceedings 11},
  pages={485--491},
  year={2001},
  organization={Springer}
}

@misc{huyresnet,
  author = {Huy Phan},
  title = {PyTorch models trained on CIFAR-10 dataset},
  year = {2021},
  publisher = {GitHub},
  journal = {GitHub repository},
  howpublished = {\url{https://github.com/huyvnphan/PyTorch_CIFAR10}}
}

@misc{olivetti,
  author = {Ferdinando, Samaria and Andy, Harter},
  title = {Parameterisation of a Stochastic Model for Human Face Identification},
  year = {1994},
  publisher = {Proceedings of 2nd IEEE Workshop on Applications of Computer Vision, Sarasota FL},
}

@article{tran2020benchmark,
  title={A benchmark of batch-effect correction methods for single-cell RNA sequencing data},
  author={Tran, Hoa Thi Nhu and Ang, Kok Siong and Chevrier, Marion and Zhang, Xiaomeng and Lee, Nicole Yee Shin and Goh, Michelle and Chen, Jinmiao},
  journal={Genome biology},
  volume={21},
  pages={1--32},
  year={2020},
  publisher={Springer}
}